@ARTICLE{StastnaLamb2002,
   author = {{Stastna}, M. and {Lamb}, K.~G.},
    title = "{Large fully nonlinear internal solitary waves: The effect of background current}",
  journal = {Physics of Fluids},
 keywords = {Ocean waves and oscillations, Instability of shear flows, Stratified flows},
     year = 2002,
    month = sep,
   volume = 14,
    pages = {2987-2999},
      doi = {10.1063/1.1496510},
   adsurl = {http://adsabs.harvard.edu/abs/2002PhFl...14.2987S},
  adsnote = {Provided by the SAO/NASA Astrophysics Data System}
}

@ARTICLE{DunphySubichStastna2011,
   author = {{Dunphy}, M. and {Subich}, C. and {Stastna}, M.},
    title = "{Spectral methods for internal waves: indistinguishable density profiles and double-humped solitary waves}",
  journal = {Nonlinear Processes in Geophysics},
     year = 2011,
    month = jun,
   volume = 18,
    pages = {351-358},
      doi = {10.5194/npg-18-351-2011},
   adsurl = {http://adsabs.harvard.edu/abs/2011NPGeo..18..351D},
  adsnote = {Provided by the SAO/NASA Astrophysics Data System}
}

@book{Boyd2001,
  title={Chebyshev and Fourier Spectral Methods: Second Revised Edition},
  author={Boyd, J.P.},
  isbn={9780486411835},
  lccn={lc00027475},
  series={Dover Books on Mathematics},
  url={http://books.google.ca/books?id=lEWnQWyzLQYC},
  year={2001},
  publisher={Dover Publications}
}
